@techreport{SPARC,
  author       = {Hegglin, M.I. and Tegtemeier, S.}, 
  title        = {{SPARC}, 2017: The {SPARC} Data Initiative: Assessment of stratospheric trace gas and aerosol climatologies from satellite limb sounders},
  institution  = {WCRP-5},
  year         = 2017,
  number       = 8,
}

@article{MIPAS_instrument,
author  = {Fischer, H. and Birk, M. and Blom, C. and Carli, B. and Carlotti, M. and von Clarmann, T. and Delbouille, L. and Dudhia, A. and Ehhalt, D. and Endemann, M. and Flaud, J. M. and Gessner, R. and Kleinert, A. and Koopman, R. and Langen, J. and Lopez-Puertas, M. and Mosner, P. and Nett, H. and Oelhaf, H. and Perron, G. and Remedios, J. and Ridolfi, M. and Stiller, G. and Zander, R. },
title   = {{MIPAS}: An Instrument for Atmospheric and Climate Research},
journal = {Atmospheric Chemistry and Physics},
year    = 2008,
pages   = {2151-2188},
number  = 8,
volume  = 1
}

@conference{ACE_conference,
author       = {Bernath, P.},
title        = {{The Atmospheric Chemistry Experiment (ACE): An overview}},
booktitle    = {{The Atmospheric Chemistry Experiment (ACE): An overview}},
year         = 2002,
address      = {Toronto, Ontario},
organization = {{IEEE} International Geoscience and Remote Sensing Symposium}
}

@article{GLORIA_concept,
author  = {Friedl-Vallon, F. and Gulde, T. and Hase, F. and Kleinert, A. and Kulessa, T. and Maucher, G. and Neubert, T. and Olschewski, F. and Piesch, C. and Preusse, P. and Rongen, H. and Sartorius, C. and Schneider, H. and Schonfeld, A. and Tan, V. and Bayer, N. and Blank, J. and Dapp, R. and Ebersoldt, A. and Fischer, H. and Graf, F. and Guggenmoser, T. and Hopfner, M. and Kaufmann, M. and Kretschmer, E. and Latzko, T. and Nordmeyer, H. and Oelhaf, H. and Orphal, J. and Riese, M. and Schardt, G. and Schillings, J. and Sha, M. K. and Suminska-Ebersoldt, O. and Ungermann, J.},
title   = {Instrument Concept of the Imaging Fourier Transform Spectrometer {GLORIA}},
journal = {Atmospheric Measurement Techniques},
year    = 2014,
pages   = {3565-3577},
number  = 7,
volume  = 1
}

@phdthesis{GLORIA_PhD,
  author       = {Sha, M. K.}, 
  title        = {Characterization and Optimization of the new Imagining Fourier Transform Spectrometer {GLORIA}},
  school       = {Karlsruhe Institute of Technology},
  year         = 2013,
  address      = {Karlsruhe, Germany},
}

@article{GLORIA_objectives,
  author  = {Riese, M. and Fiedl-Vallon, F. and Spang, R. and Preusse, P. and Schiller, C. and Hoffmann, L. and Konopka, P. and Oelhaf, H. and von Clarmann, Th. and Hopfner, M.}, 
  title   = {Global Limb Radiance Imager for the Atmosphere ({GLORIA}): Scientific Objectives},
  journal = {Atmospheric Measurement Techniques},
  year    = 2014,
  number  = 7,
  pages   = {1915-1928},
  volume  = 1
}

@book{heat_transfer_textbook,
  author    = {Lienhard IV, John H. and Lienhard V, John H.}, 
  title     = {A Heat Transfer Textbook},
  publisher = {Phlogiston Press},
  year      = 2019,
  address   = {Cambridge, Massachusetts, U.S.A.},
  edition   = 5
}

@book{FEA_SW,
  author    = {Ed Akin, J.}, 
  title     = {Finite Element Analysis Concepts via SolidWorks},
  publisher = {World Scientific},
  year      = 2009,
  address   = {Houston},
}

@article{GLORIA_thermalmech,
author  = {Piesch, C. and Sartorius, C. and Friedl-Vallon, F. and Gulde, T. and Heger, S. and Kretschmer, E. and Maucher, G. and Nordmeyer, H. and Barthel, J. and Ebersoldt, A. and Hase, F. and Graf, F. and Klienert, A. and Neubert, t. and Schillings, H. J.},
title   = {The Mechanical and Thermal Setup of the {GLORIA} Spectrometer},
journal = {Atmospheric Measuerment Techniques},
year    = 2015,
pages   = {1773-1787},
}

@article{MCT_Detectors,
author  = {Shen, S.C.},
title   = {Comparison and Competition Between MCT and QW Structure Material For Use in IR Detectors},
journal = {Microelectronics Journal},
year = 1994,
pages = {713-739},
number = 25,
volume = 1
}

@article{current_measurement_MCTs,
author = {Eppeldauer, George P. and Martin, Robert J.},
title = {Photocurrent Measurement of PC and PV HgCdTe Detectors},
journal = {Journal of Research of the National Institute of Standards and Technology},
year = 2001,
pages = {577-587},
number = 3,
volume = 106
}

@article{MCT_linearity,
author = {Novak, L. and Eppeldauer, G.},
title = {Linear HgCdTe Radiometer},
journal = {SPIE: Imaging Infrared: Scene Simulation, Modeling, and Real Image Tracking},
year = 1989,
pages = {91-96},
volume = 1110
}

@article{MCT_responsivity,
author = {Gopal, Vishnu},
title = {Responsivity Modelling of HgCdTe Photoconductive Detectors},
journal = {Seminconductor Science and Technology},
year = 1998,
pages = {887-889},
number = 13,
volume = 1
}

@techreport{CATS_report,
  author       = {Craig Haley}, 
  title        = {{CATS} Thermal Summary Internal Report},
  institution  = {ABB},
  year         = 2018
}

@book{FEA_Procedures,
  author    = {Bathe, Klaus-Jurgen}, 
  title     = {Finite Element Procedures},
  publisher = {Massachusetts Institute of Technology},
  year      = 2016,
  address   = {Watertown, MA},
}

@article{non-linearity_correction,
author = {Bakan, Stephan and Newman, Stuart and Fiedler, Lars},
title = {Correction of Detector Nonlinearity in Fourier Transform Spectroscopy with a Low-Temperature Blackbody},
journal = {Applied Optics},
year = 2005,
pages = {5332-5340},
number = 25,
volume = 44
}

@article{SCIAMACHY_limb_scattering,
author = {Kaiser, J W and Savigny, C von and Eichmann, K -U and Noël, S and Bovensmann, H and Frerick, J and Burrows, J P},
title = {Satellite-pointing retrieval from atmospheric limb-scattering of solar UV-B radiation},
journal = {Canadian Journal of Physics},
volume = {82},
number = {12},
pages = {1041-1052},
year = {2004},
}

@article{GOMOS_stellar_occulation,
author = {E. Kyrölä and J. Tamminen and G.W. Leppelmeier and V. Sofieva and S. Hassinen and J.L. Bertaux and A. Hauchecorne and F. Dalaudier and C. Cot and O. Korablev and O. Fanton d’Andon and G. Barrot and A. Mangin and B. Théodore and M. Guirlet and F. Etanchaud and P. Snoeij and R. Koopman and L. Saavedra and R. Fraisse and D. Fussen and F. Vanhellemont},
title = {{GOMOS} on Envisat: an overview},
journal = {Advances in space research},
volume = 33,
number = 7,
pages = {1020-1028},
year = 2004
}

@article{SAGEII_solar_occultation,
author = {L. E. Mauldin and N. H. Zaun and M. P. McCormick Jr. and J. H. Guy and W. R. Vaughn},
title = {{Stratospheric Aerosol And Gas Experiment II Instrument: A Functional Description}},
volume = {24},
journal = {Optical Engineering},
number = {2},
publisher = {SPIE},
pages = {307 -- 312},
year = {1985}
}

@article{IR_limb_emission_measurements,
AUTHOR = {Griessbach, S. and Hoffmann, L. and Spang, R. and von Hobe, M. and Muller, R. and Riese, M.},
TITLE = {Infrared limb emission measurements of aerosol in the troposphere and stratosphere},
JOURNAL = {Atmospheric Measurement Techniques},
VOLUME = {9},
YEAR = {2016},
NUMBER = {9},
PAGES = {4399--4423}
}

@book{atmos_phys_and_climate,
  author    = {Salby, Murray}, 
  title     = {Physics of the Atmosphere and Climate},
  publisher = {Cambridge University Press},
  year      = 2012,
  address   = {New York, NY},
}

@article{ext_utls,
author = {Gettelman, A. and Hoor, P. and Pan, L. L. and Randel, W. J. and Hegglin, M. I. and Birner, T.},
title = {THE EXTRATROPICAL UPPER TROPOSPHERE AND LOWER STRATOSPHERE},
journal = {Reviews of Geophysics},
volume = {49},
number = {3},
year = {2011}
}

@book{atmos_science,
author = {Wallace, J. and Hobbs, P.},
title = {Atmospheric Science: An introductory survey},
publisher = {Elsevier Academic Press},
year = 2006,
address = {Burlington, MA}
}

@article{UTLS_STE,
author = {Holton, James R. and Haynes, Peter H. and McIntyre, Michael E. and Douglass, Anne R. and Rood, Richard B. and Pfister, Leonhard},
title = {Stratosphere-troposphere exchange},
journal = {Reviews of Geophysics},
volume = {33},
number = {4},
pages = {403-439},
year = {1995}
}

@book{STE_text,
author = {Mohanakumar, K.},
title={Stratosphere Troposphere Interactions: An Introduction},
year=2008,
publisher="Springer Netherlands",
address="Dordrecht",
pages="331--355",
}

@techreport{WMO_ozone,
  author       = {{World Meteorological Organization}}, 
  title        = {Atmospheric ozone 1985},
  institution  = {WMO},
  year         = 1986,
  number       = 16,
}

@techreport{climate_change_2007,
author = {Solomon, S. and Qin, D. and Manning, M. and Alley, R. and Berntsen, T. and
Bindoff, N. and Chen, Z. and Chidthaisong, A. and Gregory, J. and
Hegerl, G. and Heimann, M. and Hewitson, B. and Hoskins, B. and Joos, F. and
Jouzel, J. and Kattsov, V. and Lohmann, U. and Matsuno, T. and Molina, M. and
Nicholls, N. and Overpeck, J. and Raga, G. and Ramaswamy, V. and Ren, J.},
title = {Climate Change 2007: the physical science basis},
institution = {Cambridge University Press},
year = 2007
}

@article{ACE_FTS,
author = {Hase, F. and Wallace, L. and Mclead, S. and Harrison, J. and Bernath, P.},
title = "The {ACE-FTS} atlas of the infrared solar spectrum",
journal = "Journal of Quantitative Spectroscopy and Radiative Transfer",
volume = "111",
number = "4",
pages = "521 - 528",
year = "2010",
}

@article{SAGEI_and_II,
author = {McComrick, M. and Zawodny, J. and Veiga, R. and Larson, J. and Wang, P.},
title = "An overview of {SAGE I} and {II} ozone measurements",
journal = "Planetary and Space Science",
volume = "37",
number = "12",
pages = "1567 - 1586",
year = "1989",
}

@article{SAGE_III,
author = {Thomason, Larry W. and Taha, Ghassan},
title = {{SAGE III} aerosol extinction measurements: Initial results},
journal = {Geophysical Research Letters},
volume = {30},
number = {12},
year = {2003}
}

@article{SME,
author = {Thomas, R. J. and Barth, C. A. and Rottman, G. J. and Rusch, D. W. and Mount, G. H. and Lawrence, G. M. and Sanders, R. W. and Thomas, G. E. and Clemens, L. E.},
title = {Ozone density distribution in the mesosphere (50-90 km) measured by the {SME} limb scanning near infrared spectrometer},
journal = {Geophysical Research Letters},
volume = {10},
number = {4},
pages = {245-248},
year = {1983}
}

@article{OSIRIS,
author = {Degenstein, D. and Bourassa, A. and Roth, C. and Llewellyn, E.},
title = {Limb scatter ozone retrieval from 10 to 60 km using a Multiplicative Algebraic Reconstruction Technique},
journal = {Atmospheric Chemistry and Physics Discussions},
volume = {8},
pages = {11853-11877},
year = 2008
}

@conference{MIPAS_conference,
  author       = {M. Endemann}, 
  title        = {{MIPAS} Instrument Concept and Performance},
  booktitle    = {European Symposium on Atmospheric Measurements from Space,},
  year         = 1999,
  pages        = {1-17},
  address      = {The address of the publisher},
  month        = 1,
  organization = {European Space Agency},
  publisher    = {ESA-ESTEC, P.O.Box 299, NL-2200AG Noordwijk, The Netherlands},
}

@book{Heat_Transfer_Basics,
author = {von Böckh, Peter and Wetzel, Thomas},
title = {Heat Transfer: Basics and Practice},
publisher = {Springer},
address = {Berlin, Heidelberg},
year = 2012
}

@book{Heat_Transfer_telescope,
author = {Greve, Albert and Bremer, Michael},
title = {Thermal Design and Thermal Behaviour of Radio Telescopes and their Enclosures},
publisher = {Springer},
address = {Berlin, Heidelberg},
year = 2010
}

@book{Heat_Transfer_Resistance,
author = {Holman, J. P.},
title = {Heat Transfer},
publisher = {McGraw-Hill},
year = 1981
}

@techreport{MIPAS_thermal_verification,
  author       = {Jan Doornink}, 
  title        = {Thermal Design Verification of the {MIPAS} instrument},
  institution  = {Fokker Space B.V. / SAE},
  year         = 1998,
  address      = {Leiden, The Netherlands},
  month        = 7,
}

@techreport{MIPAS_thermal,
  author       = {Jan Doornink}, 
  title        = {Thermal Design of the {MIPAS} instrument},
  institution  = {Fokker Space B.V. / SAE},
  year         = 1996,
  address      = {Leiden, The Netherlands},
  month        = 7,
}

@article{cryocoolers,
    author={de Waele, A. T. A. M.},
    title={Basic Operation of Cryocoolers and Related Thermal Machines},
    journal={Journal of Low Temperature Physics},
    year="2011",
    month="Jun",
    day="10",
    volume="164",
    number="5",
    pages="179"
}

@article {TE_coolers,
	author = {DiSalvo, Francis J.},
	title = {Thermoelectric Cooling and Power Generation},
	volume = {285},
	number = {5428},
	pages = {703--706},
	year = {1999},
	journal = {Science}
}

@book{SMAD,
    author = {Wertz, J. and Everett, D. and Puschell, J.},
    title = {Space Mission Engineering: The New SMAD},
    publisher = {Microcosm Press},
    address = {Hawthorne, CA},
    year = 2015
}

@article{self-emission_general,
author = {Anne Kleinert and Olaf Trieschmann},
journal = {Appl. Opt.},
number = {12},
pages = {2307--2319},
publisher = {OSA},
title = {Phase determination for a Fourier transform infrared spectrometer in emission mode},
volume = {46},
month = {Apr},
year = {2007},
}

@article{Revercomb_method,
author = {Henry E. Revercomb and H. Buijs and Hugh B. Howell and D. D. LaPorte and William L. Smith and L. A. Sromovsky},
journal = {Appl. Opt.},
number = {15},
pages = {3210--3218},
publisher = {OSA},
title = {Radiometric calibration of IR Fourier transform spectrometers: solution to a problem with the High-Resolution Interferometer Sounder},
volume = {27},
month = {Aug},
year = {1988},
}

@Article{gloria_self_emission,
AUTHOR = {Kleinert, A. and Friedl-Vallon, F. and Guggenmoser, T. and H\"opfner, M. and Neubert, T. and Ribalda, R. and Sha, M. K. and Ungermann, J. and Blank, J. and Ebersoldt, A. and Kretschmer, E. and Latzko, T. and Oelhaf, H. and Olschewski, F. and Preusse, P.},
TITLE = {Level 0 to 1 processing of the imaging Fourier transform spectrometer GLORIA: generation of radiometrically and spectrally calibrated spectra},
JOURNAL = {Atmospheric Measurement Techniques},
VOLUME = {7},
YEAR = {2014},
NUMBER = {12},
PAGES = {4167--4184},
}

@techreport{hamamatsu_ir_detectors,
  author       = {Hamamatsu}, 
  title        = {Characteristics and use of infrared detectors},
  institution  = {Hamamatsu / CalTech},
  year         = 2004,
  address      = {Hamamatsu, Japan},
  month        = 11,
}

@book{IR_detector_textbook,
    author = {Rogalski, A. and Kopytko, Malgorzata and Martyniuk, Piotr},
    title = {Antimonide-based Infrared Detectors: A New Perspective},
    publisher = {SPIE},
    year = 2018
}

@book{mct_detector_text_new,
author = {Baker, I. M.},
publisher = {John Wiley and Sons, Ltd},
title = {MCT Photoconductive Infrared Detectors},
booktitle = {Mercury Cadmium Telluride},
chapter = {18},
pages = {429-446},
year = {2010},
}

@book{mct_detector_text_old,
author = {Baker, I.},
publisher = {Academic Press},
title = {MCT Photoconductive Detectors},
booktitle = {Semiconductors and Semimetals, Volume 18: Mercury Cadmium Telluride},
chapter = {18},
pages = {419-446},
year = {1981}
}

@mastersthesis{ethans_thesis,
  author       = {Ethan Runge}, 
  title        = {Limb Imaging Fourier Transform
Spectrometer Experiment {(LIFE)}},
  school       = {University of Saskatchewan},
  year         = 2018,
  address      = {Saskatoon, Saskatchewan, Canada},
}

@article{ele_inf_IR_signal_nonlinearity,
author = {Kim Rahmelow},
journal = {Appl. Opt.},
number = {10},
pages = {2123-2132},
publisher = {OSA},
title = {Electronic influences on an infrared detector signal: nonlinearity and amplification},
volume = {36},
month = {Apr},
year = {1997}
}

@article{prac_ex_corr_of_nonlinearity,
author = {M. C. Abrams and G. C. Toon and R. A. Schindler},
journal = {Appl. Opt.},
number = {27},
pages = {6307-6314},
publisher = {OSA},
title = {Practical example of the correction of Fourier-transform spectra for detector nonlinearity},
volume = {33},
month = {Sep},
year = {1994},
}

@article{hole_mobility_MCTs,
author = {Scott, Walter},
title = {Electron Mobility in Hg1xCdxTe},
journal = {Journal of Applied Physics},
volume = {43},
number = {3},
pages = {1055-1062},
year = {1972},
}

@article{auger-limited_carrier_lifetimes,
author = {Bartoli, F. and Allen, R. and Esterowitz, L. and Kruer, M.},
title = {Auger-limited carrier lifetimes in HgCdTe at high excess carrier concentrations},
journal = {Journal of applied physics},
volume = {45},
pages = {2150-2154},
year = {1974}
}

@misc{stephane_thermal_contact,
  author       = {Stephane Gendron}, 
  title        = {Canadian Space Agency private communication},
  month        = 7,
  year         = 2019,
}

@misc{STRATOS_CARMENCITA_doc,
author = {Philippe Vincent},
title = {Strato-Science 2019 Kick-off Meeting Presentation},
month = 2,
year = 2019,
}

@phdthesis{GLORIA_nonlinearity_PhD,
  author       = {Tobias Guggenmoser}, 
  title        = {Data Processing and Trace Gas Retrievals for the {GLORIA} Limb Sounder},
  school       = {University of Wuppertal},
  year         = 2014,
  address      = {Wuppertal, Germany},
}

@article{ERA_interim_dataset_for_profile,
author = {Dee, D. P. and Uppala, S. M. and Simmons, A. J. and Berrisford, P. and Poli, P. and Kobayashi, S. and Andrae, U. and Balmaseda, M. A. and Balsamo, G. and Bauer, P. and Bechtold, P. and Beljaars, A. C. M. and van de Berg, L. and Bidlot, J. and Bormann, N. and Delsol, C. and Dragani, R. and Fuentes, M. and Geer, A. J. and Haimberger, L. and Healy, S. B. and Hersbach, H. and Hólm, E. V. and Isaksen, L. and Kållberg, P. and Köhler, M. and Matricardi, M. and McNally, A. P. and Monge-Sanz, B. M. and Morcrette, J.-J. and Park, B.-K. and Peubey, C. and de Rosnay, P. and Tavolato, C. and Thépaut, J.-N. and Vitart, F.},
title = {The ERA-Interim reanalysis: configuration and performance of the data assimilation system},
journal = {Quarterly Journal of the Royal Meteorological Society},
volume = {137},
number = {656},
pages = {553-597},
url = {https://rmets.onlinelibrary.wiley.com/doi/abs/10.1002/qj.828},
year = {2011}
}

@misc{MSIS_model_for_profile,
author = {Hedin, A.E.},
title = {MSISE Model 1990},
year = 1990,
url={https://ccmc.gsfc.nasa.gov/modelweb/atmos/msise.html}
}